@article{BS1958,
  title = {Le th\'{e}or\`{e}me de {{Riemann}}\textendash{{Roch}}},
  author = {Borel, A. and Serre, J.-P.},
  journal = {Bull. Soc. Math. France},
  year = {1958},
  volume = {86},
  pages = {97--136},
}

@article{Car1957,
  title = {Des groups $\operatorname{Ext}^s(A,B)$},
  author = {Cartier, P.},
  year = {1957},
  journal = {S\'{e}minaire A. Grothendieck: Alg\`{e}bre homologique},
  volume = {1},
  pages = {Talk no. 3},
}

@article{Che1960,
  title = {Sur la th\'{e}orie de Picard},
  author = {Chevalley, C.},
  year = {1960},
  journal = {Amer. J. of Math.},
  volume = {82},
  pages = {435--490},
}

@article{GD1960,
  title = {{{El\'{e}ments de G\'{e}om\'{e}trie Alg\'{e}brique}}},
  author = {Grothendieck, A. and Dieudonn\'{e}, J.},
  year = {1960/67},
  journal = {Pub. math. de l'IH\'{E}S},
  volume = {4, 8, 11, 17, 20, 24, 28, 32},
}

@article{GR1958,
  title = {{{Komplexe R\"{a}ume}}},
  author = {Grauert, H. and Remmert, R.},
  year = {1958},
  journal = {Math. Annalen},
  volume = {136},
  pages = {245--318},
}

@article{Gro1957,
  title = {Sur quelques points d'alg\`{e}bre homologique},
  author = {Grothendieck, A.},
  year = {1957},
  journal = {Tohoku math. J.},
  volume = {9},
  pages = {119--221},
}

@inproceedings{Gro1960,
  title = {The cohomology theory of abstract algebraic varieties},
  booktitle = {Proceedings of the {{International Congress}} of {{Mathematicians}} 1958},
  author = {Grothendieck, A},
  year = {1960},
  publisher = {{Cambridge University Press}},
}

@article{Gro1960a,
  title = {Techniques de construction en g\'{e}om\'{e}trie analytique, {{I}}--{{X}}},
  author = {Grothendieck, A.},
  year = {1960/61},
  journal = {S\'{e}minaire Cartan},
  volume = {13},
  pages = {Talks no. 7--17},
}

@book{Gro1960b,
  title = {{{S\'{e}minaire de G\'{e}om\'{e}trie Alg\'{e}brique}}},
  author = {Grothendieck, A.},
  year = {1960/61},
  publisher = {{Paris, Institut des Hautes \'{E}tudes Scientifiques}}
}

@article{Har1966,
  title = {Connectedness of the {{Hilbert}} scheme},
  author = {Hartshorne, R.},
  year = {1966},
  journal = {Pub. math. de l'IH\'{E}S},
  volume = {29},
  pages = {5--48},
}

@article{Kod1956,
  title = {Characteristic linear systems of complete continuous systems},
  author = {Kodaira, K.},
  year = {1956},
  journal = {Amer. J. of Math.},
  volume = {78},
  pages = {716--744},
}

@book{Lan1959,
  title = {Abelian varieties},
  author = {Lang, S.},
  year = {1959},
  publisher = {Interscience Publishers},
}

@article{Mat1957,
  title = {The criteria for algebraic equivalence and the torsion group},
  author = {Matsusaka, T.},
  year = {1957},
  journal = {Amer. J. Math.},
  volume = {79},
  pages = {53--66},
}

@article{Mum1961,
  title = {An elementary theorem in geometric invariant theory},
  author = {Mumford, D.},
  year = {1961},
  journal = {Bull. Amer. Math. Soc.},
  volume = {67},
  pages = {483--486},
}

@article{Mum1961a,
  title = {The topology of normal singularities of an algebraic surface and a criterion for simplicity},
  author = {Mumford, D.},
  year = {1961},
  journal = {Pub. math. de l'IH\'{E}S},
  volume = {9},
  pages = {5--22},
}

@article{Mur1958,
  title = {On a connectedness theorem for a birational transformation at a simple point},
  author = {Murre, J.P.},
  year = {1958},
  journal = {Amer. J. of Math.},
  volume = {80},
  pages = {3--15},
}

@article{Oor1962,
  title = {Sur le sch\'{e}ma de Picard},
  author = {Oort, F.},
  year = {1962},
  journal = {Bull. Soc. Math. France},
  volume = {90},
  pages = {1--14},
}

@article{Ser1955,
  title = {Faisceaux alg\'{e}briques coh\'{e}rents},
  author = {Serre, J.-P.},
  year = {1955},
  journal = {Annals of Math.},
  volume = {61},
  pages = {197--278},
}

@article{Ser1956,
  title = {G\'{e}om\'{e}trie alg\'{e}brique et g\'{e}om\'{e}trie analytique},
  author = {Serre, J.-P.},
  year = {1956},
  journal = {Ann. Institut Fourier Grenoble},
  volume = {6},
  pages = {1--42},
}

@inproceedings{Ser1956a,
  title = {Sur la dimension homologique des anneaux et des modules {{Noeth\'{e}riens}}},
  booktitle = {Proc. {{Intern}}. {{Symp}}. on Alg. Number Theory, {{Tokyo}} and {{Nikko}}, 1955},
  author = {Serre, J.-P.},
  year = {1956},
  pages = {175--189},
  publisher = {{Science Council of Japan, Tokyo}},
}

@article{Ser1958,
  title = {Corps locaux et isog\'{e}nies},
  author = {Serre, J.-P.},
  year = {1960},
  journal = {S\'{e}minaire Bourbaki},
  volume = {11},
  pages = {Talk no. 185},
}

@article{Ser1958a,
  title = {Espaces fibr\'{e}s alg\'{e}briques},
  author = {Serre, J.-P.},
  year = {1958},
  journal = {S\'{e}minaire Chevalley},
  volume = {3},
  pages = {Talk no. 1},
}

@inproceedings{Ser1958b,
  title = {Sur la topologie des vari\'{e}t\'{e}s alg\'{e}briques en caract\'{e}ristique $p$},
  booktitle = {Symposium internacional de topologia algebraica, {{Mexico}}, 1956},
  author = {Serre, J.-P.},
  year = {1958},
  publisher = {{Universidad nacional autonoma, Mexico}},
  pages = {24--53},
}

@article{Ser1961,
  title = {Exemples de vari\'{e}t\'{e}s projectives en caract\'{e}ristique $p$ non relevables en caract\'{e}ristique 0},
  author = {Serre, J.-P.},
  year = {1961},
  journal = {Proc. Nat. Acad. Sc. U.S.A.},
  volume = {47},
  pages = {108--109},
}

@article{Ses1962,
  title = {La vari\'{e}t\'{e} de Picard d'une vari\'{e}t\'{e} compl\`{e}te},
  author = {Seshadri, C.S.},
  year = {1962},
  journal = {Annali di mat. pura ed app.},
  volume = {57},
  pages = {117--142},
}

@article{Zap1945,
  title = {Sull'esistenza, sopra la superficie algebriche, di sistemi continui completi infiniti, la cui curva e a serie caratteristica incompleta},
  author = {Zappa, G.},
  journal = {Acta Pontif. Acad. Scient.},
  year = {1945},
  volume = {9},
  pages = {91--93},
}